<?xml version="1.0" encoding="UTF-8"?><collection xmlns="http://www.loc.gov/MARC21/slim"><record><leader>00406nam--2200133-i-4500</leader><controlfield tag="001">000046248</controlfield><controlfield tag="002">20161230</controlfield><controlfield tag="005">20161230201045</controlfield><controlfield tag="008">060222s1000------------r-----000-0-eng-d</controlfield><datafield ind1=" " ind2=" " tag="080"><subfield code="a">539.163(043):539.1.074(043):621.374.33(043)</subfield></datafield><datafield ind1=" " ind2=" " tag="100"><subfield code="a">Unterweger, Michael P</subfield></datafield><datafield ind1=" " ind2=" " tag="245"><subfield code="a">Beta-bamma dsirectional correlation in 199 au. thesis</subfield></datafield><datafield ind1=" " ind2=" " tag="260"><subfield code="a">Ann Arbor, Michigan, Univ.Micr., 1972, Viii + 111p</subfield></datafield><datafield ind1=" " ind2=" " tag="852"><subfield code="a">41271</subfield></datafield></record></collection>